@article{de2013note,
  title={A Note on Intensionalization},
  author={de Groote, Philippe and Kanazawa, Makoto},
  journal={Journal of Logic, Language and Information},
  pages={1--22},
  year={2013},
  publisher={Springer}
}