@article{saiaccessibilite,
  title={Accessibilit{\'e} des r{\'e}f{\'e}rents en s{\'e}mantique du discours},
  author={Sai, QIAN}
}
