@article{barker2006continuations,
  title={Continuations in Natural Language},
  author={Barker, C.},
  year={2006}
}

@article{barker2002continuations,
  title={Continuations and the nature of quantification},
  author={Barker, Chris},
  journal={Natural language semantics},
  volume={10},
  number={3},
  pages={211--242},
  year={2002},
  publisher={Springer},
}

@article{shan2002monads,
  title={Monads for natural language semantics},
  author={{Chung-chieh} Shan},
  journal={arXiv cs/0205026},
  year={2002},
}

@article{montague1970english,
  title={English as a formal language},
  author={Montague, R.},
  journal={Linguaggi nella societae nella tecnica},
  pages={189--224},
  year={1970}
}

@article{montague1970universal,
  title={Universal grammar},
  author={Montague, R.},
  journal={Theoria},
  volume={36},
  number={3},
  pages={373--398},
  year={1970},
  publisher={Wiley Online Library}
}

@article{montague1973proper,
  title={The proper treatment of quantification in ordinary English},
  author={Montague, R.},
  year={1973}
}

@article{hobbs1977making,
  title={Making computational sense of Montague's intensional logic},
  author={Hobbs, J.R. and Rosenschein, S.J.},
  journal={Artificial Intelligence},
  volume={9},
  number={3},
  pages={287--306},
  year={1977},
  publisher={Elsevier}
}

@inproceedings{de2001towards,
  title={Towards abstract categorial grammars},
  author={{de Groote}, Philippe},
  booktitle={Proceedings of the 39th Annual Meeting on Association for Computational Linguistics},
  year={2001}
}

@inproceedings{de2006towards,
  title={Towards a montagovian account of dynamics},
  author={{de Groote}, Philippe},
  booktitle={Proceedings of SALT},
  volume={16},
  year={2006},
}

@incollection{asher2011sdrt,
  year={2011},
  booktitle={New Frontiers in Artificial Intelligence},
  volume={6797},
  series={Lecture Notes in Computer Science},
  title={SDRT and Continuation Semantics},
  author={Asher, Nicholas and Pogodalla, Sylvain},
}

@inproceedings{afantenos2012empirical,
  title={An empirical resource for discovering cognitive principles of discourse organisation: the annodis corpus},
  author={Afantenos, S. and Asher, N. and Benamara, F. and Bras, M. and Fabre, C. and Ho-dac, M. and Le Draoulec, A. and Muller, P. and P{\'e}ry-Woodley, M.P. and Pr{\'e}vot, L. and others}
}

@article{busquets2001sdrt,
  title={La SDRT: Une approche de la coh{\'e}rence du discours dans la tradition de la s{\'e}mantique dynamique},
  author={BUSQUETS, J. and VIEU, L. and ASHER, N.},
  journal={Verbum},
  number={1},
  pages={73--101},
  year={2001},
  publisher={Presses universitaires de Nancy}
}

@article{pery52annodis,
  title={The ANNODIS corpus, a corpus enriched with discourse annotations Le corpus ANNODIS, un corpus enrichi d'annotations discursives},
  author={P{\'e}ry-Woodley, M.P. and Afantenos, S.D. and Asher, N.},
  journal={Traitement Automatique des Langues},
  volume={52}
}

@inproceedings{asher2011montagovian,
  title={A Montagovian treatment of modal subordination},
  author={Asher, N. and Pogodalla, S.},
  booktitle={Proceedings of SALT},
  volume={20},
  pages={387--405},
  year={2011}
}

@article{perrier1999intuitionistic,
  title={From Intuitionistic Proof Nets to Interaction Grammars},
  author={Perrier, G.},
  year={1999}
}

@article{byrdminikanren,
  title={miniKanren, Live and Untagged},
  author={Byrd, William E and Holk, Eric and Friedman, Daniel P}
}

@inproceedings{duchier2012metagrammars,
  title={Metagrammars As Logic Programs},
  author={Duchier, Denys and Parmentier, Yannick and Petitjean, Simon and others},
  booktitle={7th International Conference on Logical Aspects of Computational Linguistics (LACL 2012)},
  pages={1--4},
  year={2012}
}

@article{foret2012categorial,
  title={On Categorial Grammars and Logical Information Systems: using CAMELIS with linguistic data},
  author={Foret, Annie and Ferr{\'e}, S{\'e}bastien},
  journal={LACL 2012},
  pages={5},
  year={2012}
}

@article{sandillon2012ygg,
  title={Ygg, parsing French text using AB grammars},
  author={Sandillon-Rezer, No{\'e}mie-Fleur},
  journal={LACL 2012},
  pages={17},
  year={2012}
}

@article{morrill2012catlog,
  title={CatLog: A Categorial Parser/Theorem-Prover⋆},
  author={Morrill, Glyn and London, QMUL},
  journal={LACL 2012},
  pages={13},
  year={2012}
}

@article{moot2012categorial,
  title={Categorial grammars and wide-coverage semantics with Grail},
  author={Moot, Richard},
  journal={LACL 2012},
  pages={9},
  year={2012}
}

% HAVEN'T FINISHED.
@book{asher2003logics,
  title={Logics of conversation},
  author={Asher, Nicholas and Lascarides, Alex},
  year={2003},
  publisher={Cambridge University Press}
}

% HAVEN'T READ.
@book{kamp1993discourse,
  title={From discourse to logic},
  author={Kamp, Hans and Reyle, Uwe},
  year={1993},
  publisher={Kluwer Academic Pub}
}

% HAVE READ IN EXPANDED VERSION ONLY.
@inproceedings{pogodalla2007generalizing,
  title={Generalizing a proof-theoretic account of scope ambiguity},
  author={Pogodalla, Sylvain},
  booktitle={7th International Workshop on Computational Semantics},
  year={2007}
}

@inproceedings{perrier2007french,
  title={A french interaction grammar},
  author={Perrier, Guy},
  booktitle={International Conference on Recent Advances in Natural Language Processing},
  year={2007}
}

@inproceedings{perrier2000interaction,
  title={Interaction grammars},
  author={Perrier, Guy},
  booktitle={Proceedings of the 18th conference on Computational linguistics-Volume 2},
  pages={600--606},
  year={2000},
  organization={Association for Computational Linguistics}
}

@article{guillaume2009interaction,
  title={Interaction grammars},
  author={Guillaume, Bruno and Perrier, Guy},
  journal={Research on Language and Computation},
  volume={7},
  number={2-4},
  pages={171--208},
  year={2009},
  publisher={Springer}
}

% HAVEN'T FINISHED.
@inproceedings{perrier2001intuitionistic,
  title={Intuitionistic multiplicative proof nets as models of directed acyclic graph descriptions},
  author={Perrier, Guy},
  booktitle={Logic for Programming, Artificial Intelligence, and Reasoning},
  pages={233--248},
  year={2001},
  organization={Springer}
}

@inproceedings{guillaume2008toolchain,
  title={A toolchain for grammarians},
  author={Guillaume, Bruno and Le Roux, Joseph and Marchand, Jonathan and Perrier, Guy and Fort, Kar{\"e}n and Planul, Jennifer},
  booktitle={22nd International Conference on on Computational Linguistics: Demonstration Papers},
  pages={153--156},
  year={2008},
  organization={Association for Computational Linguistics}
}

% HAVEN'T READ.
@article{kaplan1982lexical,
  title={Lexical-functional grammar: A formal system for grammatical representation},
  author={Kaplan, Ronald M and Bresnan, Joan},
  journal={Formal Issues in Lexical-Functional Grammar},
  pages={29--130},
  year={1982}
}

% HAVEN'T READ.
@article{byrd2010relational,
  title={Relational programming in minikanren: techniques, applications, and implementations},
  author={Byrd, William E},
  year={2010},
  publisher={[Bloomington, Ind.]: Indiana University}
}

% HAVEN'T READ.
@incollection{near2008alpha,
  title={$\alpha$ lean TAP: A Declarative Theorem Prover for First-Order Classical Logic},
  author={Near, Joseph P and Byrd, William E and Friedman, Daniel P},
  booktitle={Logic Programming},
  pages={238--252},
  year={2008},
  publisher={Springer}
}

@article{de2007type,
  title={Type-theoretic Extensions of Abstract Categorial Grammars},
  author={{de Groote}, Philippe and Maarek, Sarah},
  journal={ESSLLI 2007},
  year={2007}
}

@inproceedings{de2007two,
  title={On two extensions of abstract categorial grammars},
  author={{de Groote}, Philippe and Maarek, Sarah and Yoshinaka, Ryo},
  booktitle={Logic for Programming, Artificial Intelligence, and Reasoning},
  pages={273--287},
  year={2007},
  organization={Springer}
}

@inproceedings{pogodalla2012controlling,
  title={Controlling extraction in abstract categorial grammars},
  author={Pogodalla, Sylvain and Pompigne, Florent},
  booktitle={Formal Grammar},
  year={2012},
}

@article{pimentel2005intersection,
  title={Intersection types: a proof-theoretical approach},
  author={Pimentel, Elaine and Della Rocca, Simona Ronchi and Roversi, Luca},
  journal={Fakult{\"a}t Informatik},
  pages={189},
  year={2005},
  publisher={Citeseer}
}

%% HAVEN'T READ.
@inproceedings{de2004vector,
  title={Vector addition tree automata},
  author={de Groote, Philippe and Guillaume, Bruno and Salvati, Sylvain},
  booktitle={Logic in Computer Science, 2004. Proceedings of the 19th Annual IEEE Symposium on},
  pages={64--73},
  year={2004},
  organization={IEEE}
}

%% HAVEN'T READ.
@article{salvati2005problemes,
  title={Problemes de filtrage et problemes d’analyse pour les grammaires cat{\'e}gorielles abstraites},
  author={Salvati, Sylvain},
  journal={These de Doctorat. Institut National Polytechnique de Lorraine},
  year={2005}
}

%% HAVEN'T READ.
@inproceedings{kanazawa2007parsing,
  title={Parsing and generation as datalog queries},
  author={Kanazawa, Makoto},
  booktitle={Annual Meeting-Association for Computational Linguistics},
  volume={45},
  number={1},
  pages={176},
  year={2007},
}

@book{van2004concepts,
  title={Concepts, techniques, and models of computer programming},
  author={Van Roy, Peter and Haridi, Seif},
  year={2004},
  publisher={MIT press}
}

% HAVEN'T READ.
@incollection{yoshinaka2005complexity,
  title={The complexity and generative capacity of lexicalized abstract categorial grammars},
  author={Yoshinaka, Ryo and Kanazawa, Makoto},
  booktitle={Logical Aspects of Computational Linguistics},
  pages={330--346},
  year={2005},
  publisher={Springer}
}

@incollection{qian2011event,
  title={Event in compositional dynamic semantics},
  author={Qian, Sai and Amblard, Maxime},
  booktitle={Logical Aspects of Computational Linguistics},
  year={2011},
  publisher={Springer}
}

@InProceedings{degroote02,
   author = {Philippe de~Groote},
   title = {Tree-Adjoining Grammars as Abstract Categorial Grammars},
   booktitle = {TAG+6, Proceedings of the sixth International Workshop
     on Tree Adjoining Grammars and Related Frameworks},
   pages = {145--150},
   publisher = {Universit\`a di Venezia},
   year = {2002}
}

@article{moggi1991notions,
  title={Notions of computation and monads},
  author={Moggi, Eugenio},
  journal={Information and computation},
  volume={93},
  number={1},
  pages={55--92},
  year={1991},
  publisher={Elsevier},
}

@book{moggi1990abstract,
  title={An abstract view of programming languages},
  author={Moggi, Eugenio},
  year={1990},
  publisher={University of Edinburgh, Department of Computer Science, Laboratory for Foundations of Computer Science}
}


@inproceedings{kammar2013handlers,
  title={Handlers in action},
  author={Kammar, Ohad and Lindley, Sam and Oury, Nicolas},
  booktitle={ACM SIGPLAN Notices},
  year={2013}
}

@article{bauer2012programming,
  title={Programming with algebraic effects and handlers},
  author={Bauer, Andrej and Pretnar, Matija},
  journal={arXiv preprint arXiv:1203.1539},
  year={2012},
}

@inproceedings{kiselyov2013extensible,
  title={Extensible effects: an alternative to monad transformers},
  author={Kiselyov, Oleg and Sabry, Amr and Swords, Cameron},
  booktitle={ACM SIGPLAN Notices},
  year={2013}
}

@inproceedings{brady2013programming,
  title={Programming and reasoning with algebraic effects and dependent types},
  author={Brady, Edwin},
  booktitle={ACM SIGPLAN Notices},
  year={2013}
}

@book{gosling2000java,
  title={The Java language specification},
  author={Gosling, James},
  year={2000},
  publisher={Addison-Wesley Professional}
}

@incollection{blom2012implicit,
  title={Implicit arguments: event modification or option type categories?},
  author={Blom, Chris and De Groote, Philippe and Winter, Yoad and Zwarts, Joost},
  booktitle={Logic, Language and Meaning},
  pages={240--250},
  year={2012},
  publisher={Springer},
}

@phdthesis{lebedeva2012expression,
  title={Expression de la dynamique du discours {\`a} l'aide de continuations},
  author={Lebedeva, Ekaterina},
  year={2012},
  school={Universit{\'e} de Lorraine},
}

@inproceedings{cartwright1994extensible,
  title={Extensible denotational language specifications},
  author={Cartwright, Robert and Felleisen, Matthias},
  booktitle={Theoretical Aspects of Computer Software},
  pages={244--272},
  year={1994},
  organization={Springer},
}

@article{de2013note,
  title={A Note on Intensionalization},
  author={de Groote, Philippe and Kanazawa, Makoto},
  journal={Journal of Logic, Language and Information},
  volume={22},
  number={2},
  pages={173--194},
  year={2013},
  publisher={Springer}
}

@article{hyland2007category,
  title={The category theoretic understanding of universal algebra: Lawvere theories and monads},
  author={Hyland, Martin and Power, John},
  journal={Electronic Notes in Theoretical Computer Science},
  volume={172},
  pages={437--458},
  year={2007},
  publisher={Elsevier},
}

@phdthesis{pretnar2010logic,
  title={Logic and handling of algebraic effects},
  author={Pretnar, Matija},
  year={2010},
  school={The University of Edinburgh},
}

@incollection{plotkin2009handlers,
  title={Handlers of algebraic effects},
  author={Plotkin, Gordon and Pretnar, Matija},
  booktitle={Programming Languages and Systems},
  pages={80--94},
  year={2009},
  publisher={Springer}
}

@inproceedings{kiselyov2008call,
  title={Call-by-name linguistic side effects},
  author={Kiselyov, Oleg},
  booktitle={ESSLLI 2008 Workshop on Symmetric calculi and Ludics for the semantic interpretation},
  year={2008},
}

@inproceedings{shan2005linguistic,
    author = {{Chung-chieh} Shan},
    title = {Linguistic Side Effects},
    booktitle = {In Proceedings of the Eighteenth Annual IEEE Symposium on Logic and Computer Science (LICS 2003) Workshop on Logic and Computational},
    year = {2005},
    pages = {132--163},
    publisher = {University Press}
}

@article{plotkin2013handling,
  title={Handling algebraic effects},
  author={Plotkin, Gordon D and Pretnar, Matija},
  journal={arXiv preprint arXiv:1312.1399},
  year={2013}
}

@incollection{stalnaker1974pragmatic,
	editor = {Robert Stalnaker},
	year = {1974},
	pages = {47--62},
	author = {Robert Stalnaker},
	publisher = {Oxford University Press},
	booktitle = {Context and Content},
	title = {Pragmatic Presuppositions}
}

@article{saiaccessibilite,
  title={Accessibilit{\'e} des r{\'e}f{\'e}rents en s{\'e}mantique du discours},
  author={Sai, QIAN}
}

@book{jones2003haskell,
  title={Haskell 98 language and libraries: the revised report},
  author={Jones, Simon L Peyton},
  year={2003},
  publisher={Cambridge University Press}
}

@inproceedings{wadler1992essence,
  title={The essence of functional programming},
  author={Wadler, Philip},
  booktitle={Proceedings of the 19th ACM SIGPLAN-SIGACT symposium on Principles of programming languages},
  year={1992}
}

@phdthesis{charlow2014semantics,
  title={On the semantics of exceptional scope},
  author={Charlow, Simon},
  year={2014},
  school={New York University}
}

@article{hyland2006combining,
  title={Combining effects: Sum and tensor},
  author={Hyland, Martin and Plotkin, Gordon and Power, John},
  journal={Theoretical Computer Science},
  volume={357},
  number={1},
  pages={70--99},
  year={2006},
  publisher={Elsevier}
}

@inproceedings{meijer1991functional,
  title={Functional programming with bananas, lenses, envelopes and barbed wire},
  author={Meijer, Erik and Fokkinga, Maarten and Paterson, Ross},
  booktitle={Functional Programming Languages and Computer Architecture},
  year={1991}
}

@inproceedings{de2015conservativity,
  TITLE = {{On Logical Relations and Conservativity}},
  AUTHOR = {de Groote, Philippe},
  BOOKTITLE = {{NLCS'15. Third Workshop on Natural Language and Computer Science}},
  YEAR = {2015},
  HAL_ID = {hal-01188619},
  HAL_VERSION = {v1},
}

@incollection{levy1999call,
  title={Call-by-push-value: A subsuming paradigm},
  author={Levy, Paul Blain},
  booktitle={Typed Lambda Calculi and Applications},
  pages={228--243},
  year={1999},
  publisher={Springer}
}

@inproceedings{lindley2014algebraic,
  title={Algebraic effects and effect handlers for idioms and arrows},
  author={Lindley, Sam},
  booktitle={Proceedings of the 10th ACM SIGPLAN workshop on Generic programming},
  pages={47--58},
  year={2014},
  organization={ACM}
}

@book{potts2005logic,
  title={The logic of conventional implicatures},
  author={Potts, Christopher},
  year={2005},
  publisher={Oxford University Press}
}

@book{gutzmann2015use,
  title={Use-conditional meaning: Studies in multidimensional semantics},
  author={Gutzmann, Daniel},
  year={2015},
  publisher={OUP Oxford}
}

@article{groenendijk1991dynamic,
  title={Dynamic predicate logic},
  author={Groenendijk, Jeroen and Stokhof, Martin},
  journal={Linguistics and philosophy},
  volume={14},
  number={1},
  pages={39--100},
  year={1991},
  publisher={Springer}
}

@inproceedings{kuschert1995type,
  title={A type-theoretic semantics for Lambda-DRT},
  author={Kuschert, S and Kohlhase, M and Pinkal, M},
  booktitle={Proceedings of the Tenth Amsterdam Colloquium},
  year={1995}
}

@article{mcbride2008applicative,
  title={Applicative programming with effects},
  author={McBride, Conor and Paterson, Ross},
  journal={Journal of functional programming},
  volume={18},
  number={01},
  pages={1--13},
  year={2008},
  publisher={Cambridge Univ Press}
}

@book{mac1978categories,
  title={Categories for the working mathematician},
  author={Mac Lane, Saunders},
  volume={5},
  year={1978},
  publisher={Springer Science \& Business Media}
}

@unpublished{andjelkovic2014towards,
title= {Towards indexed algebraic effects and handlers},
author = {Stevan Andjelkovic},
year = {2014},
note= {The 3rd ACM SIGPLAN Workshop on Higher-Order Programming with Effects},
}

@book{danvy1989functional,
  title={A functional abstraction of typed contexts},
  author={Danvy, Olivier and Filinski, Andrzej},
  year={1989},
  publisher={Univ.}
}

@inproceedings{de2001type,
  title={Type raising, continuations, and classical logic},
  author={{de Groote}, Philippe},
  booktitle={Proceedings of the thirteenth Amsterdam Colloquium},
  year={2001}
}

@misc{giorgolo2015natural,
  title={Natural Language Semantics with Enriched Meanings},
  author={Giorgolo, Gianluca and Asudeh, Ash},
  publisher={ESSLLI},
  year={2015}
}

@inproceedings{kiselyov2015applicative,
  title={Applicative abstract categorial grammars},
  author={Kiselyov, Oleg},
  booktitle={Proceedings of the Third Workshop on Natural Language and Computer Science},
  year={2015}
}

@inproceedings{marsik2014algebraic,
  TITLE = {{Algebraic Effects and Handlers in Natural Language Interpretation}},
  AUTHOR = {Mar{\v s}{\'i}k, Ji{\v r}{\'i} and Amblard, Maxime},
  BOOKTITLE = {{Natural Language and Computer Science}},
  YEAR = {2014},
  MONTH = Jul,
  PDF = {https://hal.archives-ouvertes.fr/hal-01079206/file/effects-paper.pdf},
  HAL_ID = {hal-01079206},
  HAL_VERSION = {v1},
}

@article{klop1993combinatory,
  title={Combinatory reduction systems: introduction and survey},
  author={Klop, Jan Willem and Van Oostrom, Vincent and Van Raamsdonk, Femke},
  journal={Theoretical computer science},
  year={1993}
}

@article{klop1992term,
  title={Term rewriting systems},
  author={Klop, Jan Willem and others},
  journal={Handbook of logic in computer science},
  volume={2},
  pages={1--116},
  year={1992}
}

@misc{kiselyov2010lambda,
  title={Lambda: the ultimate syntax-semantics interface},
  author={Kiselyov, Oleg and Shan, Chung-chieh},
  year={2010},
  publisher={Citeseer}
}

@book{van2010computational,
  title={Computational semantics with functional programming},
  author={Van Eijck, Jan and Unger, Christina},
  year={2010},
  publisher={Cambridge University Press}
}

@phdthesis{shan2005thesis,
  title={Linguistic side effects},
  author={Shan, {Chung-chieh}},
  year={2005},
  school={Harvard University}
}
