@article{barker2006continuations,
  title={Continuations in Natural Language},
  author={Barker, C.},
  year={2006}
}

@article{barker2002continuations,
  title={Continuations and the nature of quantification},
  author={Barker, Chris},
  journal={Natural language semantics},
  volume={10},
  number={3},
  pages={211--242},
  year={2002},
  publisher={Springer},
  url={http://dx.doi.org/10.1023/A:1022183511876}
}

@article{shan2002monads,
  title={Monads for natural language semantics},
  author={Chung-chieh Shan},
  journal={arXiv preprint cs/0205026},
  year={2002},
  url={http://arxiv.org/pdf/cs/0205026}
}

@article{montague1970english,
  title={English as a formal language},
  author={Montague, R.},
  journal={Linguaggi nella societae nella tecnica},
  pages={189--224},
  year={1970}
}

@article{montague1970universal,
  title={Universal grammar},
  author={Montague, R.},
  journal={Theoria},
  volume={36},
  number={3},
  pages={373--398},
  year={1970},
  publisher={Wiley Online Library}
}

@article{montague1973proper,
  title={The proper treatment of quantification in ordinary English},
  author={Montague, R.},
  year={1973}
}

@article{hobbs1977making,
  title={Making computational sense of Montague's intensional logic},
  author={Hobbs, J.R. and Rosenschein, S.J.},
  journal={Artificial Intelligence},
  volume={9},
  number={3},
  pages={287--306},
  year={1977},
  publisher={Elsevier}
}

@inproceedings{de2001towards,
  title={Towards abstract categorial grammars},
  author={{de Groote}, Philippe},
  booktitle={Proceedings of the 39th Annual Meeting on Association for Computational Linguistics},
  pages={252--259},
  year={2001},
  organization={Association for Computational Linguistics}
}

@inproceedings{de2006towards,
  title={Towards a montagovian account of dynamics},
  author={{de Groote}, Philippe},
  booktitle={Proceedings of SALT},
  volume={16},
  year={2006},
  url={http://elanguage.net/journals/salt/article/download/16.1/1791}
}

@incollection{asher2011sdrt,
  year={2011},
  booktitle={New Frontiers in Artificial Intelligence},
  volume={6797},
  series={Lecture Notes in Computer Science},
  title={SDRT and Continuation Semantics},
  author={Asher, Nicholas and Pogodalla, Sylvain},
}

@inproceedings{afantenos2012empirical,
  title={An empirical resource for discovering cognitive principles of discourse organisation: the annodis corpus},
  author={Afantenos, S. and Asher, N. and Benamara, F. and Bras, M. and Fabre, C. and Ho-dac, M. and Le Draoulec, A. and Muller, P. and P{\'e}ry-Woodley, M.P. and Pr{\'e}vot, L. and others}
}

@article{busquets2001sdrt,
  title={La SDRT: Une approche de la coh{\'e}rence du discours dans la tradition de la s{\'e}mantique dynamique},
  author={BUSQUETS, J. and VIEU, L. and ASHER, N.},
  journal={Verbum},
  number={1},
  pages={73--101},
  year={2001},
  publisher={Presses universitaires de Nancy}
}

@article{pery52annodis,
  title={The ANNODIS corpus, a corpus enriched with discourse annotations Le corpus ANNODIS, un corpus enrichi d'annotations discursives},
  author={P{\'e}ry-Woodley, M.P. and Afantenos, S.D. and Asher, N.},
  journal={Traitement Automatique des Langues},
  volume={52}
}

@inproceedings{asher2011montagovian,
  title={A Montagovian treatment of modal subordination},
  author={Asher, N. and Pogodalla, S.},
  booktitle={Proceedings of SALT},
  volume={20},
  pages={387--405},
  year={2011}
}

@article{perrier1999intuitionistic,
  title={From Intuitionistic Proof Nets to Interaction Grammars},
  author={Perrier, G.},
  year={1999}
}

@article{byrdminikanren,
  title={miniKanren, Live and Untagged},
  author={Byrd, William E and Holk, Eric and Friedman, Daniel P}
}

@inproceedings{duchier2012metagrammars,
  title={Metagrammars As Logic Programs},
  author={Duchier, Denys and Parmentier, Yannick and Petitjean, Simon and others},
  booktitle={7th International Conference on Logical Aspects of Computational Linguistics (LACL 2012)},
  pages={1--4},
  year={2012}
}

@article{foret2012categorial,
  title={On Categorial Grammars and Logical Information Systems: using CAMELIS with linguistic data},
  author={Foret, Annie and Ferr{\'e}, S{\'e}bastien},
  journal={LACL 2012},
  pages={5},
  year={2012}
}

@article{sandillon2012ygg,
  title={Ygg, parsing French text using AB grammars},
  author={Sandillon-Rezer, No{\'e}mie-Fleur},
  journal={LACL 2012},
  pages={17},
  year={2012}
}

@article{morrill2012catlog,
  title={CatLog: A Categorial Parser/Theorem-Prover⋆},
  author={Morrill, Glyn and London, QMUL},
  journal={LACL 2012},
  pages={13},
  year={2012}
}

@article{moot2012categorial,
  title={Categorial grammars and wide-coverage semantics with Grail},
  author={Moot, Richard},
  journal={LACL 2012},
  pages={9},
  year={2012}
}

% HAVEN'T FINISHED.
@book{asher2003logics,
  title={Logics of conversation},
  author={Asher, Nicholas and Lascarides, Alex},
  year={2003},
  publisher={Cambridge University Press}
}

% HAVEN'T READ.
@book{kamp1993discourse,
  title={From discourse to logic: Introduction to modeltheoretic semantics of natural language, formal logic and discourse representation theory},
  author={Kamp, Hans and Reyle, Uwe},
  number={42},
  year={1993},
  publisher={Kluwer Academic Pub}
}

% HAVE READ IN EXPANDED VERSION ONLY.
@inproceedings{pogodalla2007generalizing,
  title={Generalizing a proof-theoretic account of scope ambiguity},
  author={Pogodalla, Sylvain},
  booktitle={7th International Workshop on Computational Semantics},
  year={2007}
}

@inproceedings{perrier2007french,
  title={A french interaction grammar},
  author={Perrier, Guy},
  booktitle={International Conference on Recent Advances in Natural Language Processing},
  year={2007}
}

@inproceedings{perrier2000interaction,
  title={Interaction grammars},
  author={Perrier, Guy},
  booktitle={Proceedings of the 18th conference on Computational linguistics-Volume 2},
  pages={600--606},
  year={2000},
  organization={Association for Computational Linguistics}
}

@article{guillaume2009interaction,
  title={Interaction grammars},
  author={Guillaume, Bruno and Perrier, Guy},
  journal={Research on Language and Computation},
  volume={7},
  number={2-4},
  pages={171--208},
  year={2009},
  publisher={Springer}
}

% HAVEN'T FINISHED.
@inproceedings{perrier2001intuitionistic,
  title={Intuitionistic multiplicative proof nets as models of directed acyclic graph descriptions},
  author={Perrier, Guy},
  booktitle={Logic for Programming, Artificial Intelligence, and Reasoning},
  pages={233--248},
  year={2001},
  organization={Springer}
}

@inproceedings{guillaume2008toolchain,
  title={A toolchain for grammarians},
  author={Guillaume, Bruno and Le Roux, Joseph and Marchand, Jonathan and Perrier, Guy and Fort, Kar{\"e}n and Planul, Jennifer},
  booktitle={22nd International Conference on on Computational Linguistics: Demonstration Papers},
  pages={153--156},
  year={2008},
  organization={Association for Computational Linguistics}
}

% HAVEN'T READ.
@article{kaplan1982lexical,
  title={Lexical-functional grammar: A formal system for grammatical representation},
  author={Kaplan, Ronald M and Bresnan, Joan},
  journal={Formal Issues in Lexical-Functional Grammar},
  pages={29--130},
  year={1982}
}

% HAVEN'T READ.
@article{byrd2010relational,
  title={Relational programming in minikanren: techniques, applications, and implementations},
  author={Byrd, William E},
  year={2010},
  publisher={[Bloomington, Ind.]: Indiana University}
}

% HAVEN'T READ.
@incollection{near2008alpha,
  title={$\alpha$ lean TAP: A Declarative Theorem Prover for First-Order Classical Logic},
  author={Near, Joseph P and Byrd, William E and Friedman, Daniel P},
  booktitle={Logic Programming},
  pages={238--252},
  year={2008},
  publisher={Springer}
}

@article{de2007type,
  title={Type-theoretic Extensions of Abstract Categorial Grammars},
  author={{de Groote}, Philippe and Maarek, Sarah},
  journal={ESSLLI 2007},
  year={2007}
}

@inproceedings{de2007two,
  title={On two extensions of abstract categorial grammars},
  author={{de Groote}, Philippe and Maarek, Sarah and Yoshinaka, Ryo},
  booktitle={Logic for Programming, Artificial Intelligence, and Reasoning},
  pages={273--287},
  year={2007},
  organization={Springer}
}

@inproceedings{pogodalla2012controlling,
  title={Controlling extraction in abstract categorial grammars},
  author={Pogodalla, Sylvain and Pompigne, Florent},
  booktitle={Formal Grammar},
  year={2012},
  url={http://dx.doi.org/10.1007/978-3-642-32024-8_11}
}

@article{pimentel2005intersection,
  title={Intersection types: a proof-theoretical approach},
  author={Pimentel, Elaine and Della Rocca, Simona Ronchi and Roversi, Luca},
  journal={Fakult{\"a}t Informatik},
  pages={189},
  year={2005},
  publisher={Citeseer}
}

%% HAVEN'T READ.
@inproceedings{de2004vector,
  title={Vector addition tree automata},
  author={de Groote, Philippe and Guillaume, Bruno and Salvati, Sylvain},
  booktitle={Logic in Computer Science, 2004. Proceedings of the 19th Annual IEEE Symposium on},
  pages={64--73},
  year={2004},
  organization={IEEE}
}

%% HAVEN'T READ.
@article{salvati2005problemes,
  title={Problemes de filtrage et problemes d’analyse pour les grammaires cat{\'e}gorielles abstraites},
  author={Salvati, Sylvain},
  journal={These de Doctorat. Institut National Polytechnique de Lorraine},
  year={2005}
}

%% HAVEN'T READ.
@inproceedings{kanazawa2007parsing,
  title={Parsing and generation as datalog queries},
  author={Kanazawa, Makoto},
  booktitle={Annual Meeting-Association for Computational Linguistics},
  volume={45},
  number={1},
  pages={176},
  year={2007},
  url={http://research.nii.ac.jp/~kanazawa/publications/pagadqe.pdf}
}

@book{van2004concepts,
  title={Concepts, techniques, and models of computer programming},
  author={Van Roy, Peter and Haridi, Seif},
  year={2004},
  publisher={MIT press}
}

% HAVEN'T READ.
@incollection{yoshinaka2005complexity,
  title={The complexity and generative capacity of lexicalized abstract categorial grammars},
  author={Yoshinaka, Ryo and Kanazawa, Makoto},
  booktitle={Logical Aspects of Computational Linguistics},
  pages={330--346},
  year={2005},
  publisher={Springer}
}

@incollection{qian2011event,
  title={Event in compositional dynamic semantics},
  author={Qian, Sai and Amblard, Maxime},
  booktitle={Logical Aspects of Computational Linguistics},
  year={2011},
  url={http://dx.doi.org/10.1007/978-3-642-22221-4_15}
}

@InProceedings{degroote02,
   author = {Philippe de~Groote},
   title = {Tree-Adjoining Grammars as Abstract Categorial Grammars},
   booktitle = {TAG+6, Proceedings of the sixth International Workshop
     on Tree Adjoining Grammars and Related Frameworks},
   pages = {145--150},
   publisher = {Universit\`a di Venezia},
   year = {2002}
}

@article{moggi1991notions,
  title={Notions of computation and monads},
  author={Moggi, Eugenio},
  journal={Information and computation},
  volume={93},
  number={1},
  pages={55--92},
  year={1991},
  publisher={Elsevier},
  url={http://dx.doi.org/10.1016/0890-5401(91)90052-4}
}

@book{moggi1990abstract,
  title={An abstract view of programming languages},
  author={Moggi, Eugenio},
  year={1990},
  publisher={University of Edinburgh, Department of Computer Science, Laboratory for Foundations of Computer Science}
}


@inproceedings{kammar2013handlers,
  title={Handlers in action},
  author={Kammar, Ohad and Lindley, Sam and Oury, Nicolas},
  booktitle={Proceedings of the 18th ACM SIGPLAN international conference on Functional programming},
  pages={145--158},
  year={2013},
  organization={ACM},
  url={http://dx.doi.org/10.1145/2544174.2500590}
}

@article{bauer2012programming,
  title={Programming with algebraic effects and handlers},
  author={Bauer, Andrej and Pretnar, Matija},
  journal={arXiv preprint arXiv:1203.1539},
  year={2012},
  url={http://dx.doi.org/10.1016/j.jlamp.2014.02.001}
}

@inproceedings{kiselyov2013extensible,
  title={Extensible effects: an alternative to monad transformers},
  author={Kiselyov, Oleg and Sabry, Amr and Swords, Cameron},
  booktitle={Proceedings of the 2013 ACM SIGPLAN symposium on Haskell},
  pages={59--70},
  year={2013},
  organization={ACM},
  url={http://dx.doi.org/10.1145/2578854.2503791}
}

@inproceedings{brady2013programming,
  title={Programming and reasoning with algebraic effects and dependent types},
  author={Brady, Edwin},
  booktitle={Proceedings of the 18th ACM SIGPLAN international conference on Functional programming},
  pages={133--144},
  year={2013},
  organization={ACM}
}

@book{gosling2000java,
  title={The Java language specification},
  author={Gosling, James},
  year={2000},
  publisher={Addison-Wesley Professional}
}

@incollection{blom2012implicit,
  title={Implicit arguments: event modification or option type categories?},
  author={Blom, Chris and De Groote, Philippe and Winter, Yoad and Zwarts, Joost},
  booktitle={Logic, Language and Meaning},
  pages={240--250},
  year={2012},
  publisher={Springer},
  url={http://dx.doi.org/10.1007/978-3-642-31482-7_25}
}

@phdthesis{lebedeva2012expression,
  title={Expression de la dynamique du discours {\`a} l'aide de continuations},
  author={Lebedeva, Ekaterina},
  year={2012},
  school={Universit{\'e} de Lorraine},
  url={http://hal.inria.fr/docs/00/78/32/45/PDF/Thesis-submitted_version.pdf}
}

@inproceedings{cartwright1994extensible,
  title={Extensible denotational language specifications},
  author={Cartwright, Robert and Felleisen, Matthias},
  booktitle={Theoretical Aspects of Computer Software},
  pages={244--272},
  year={1994},
  organization={Springer},
  url={http://dx.doi.org/10.1007/3-540-57887-0_99}
}

@article{de2013note,
  title={A Note on Intensionalization},
  author={de Groote, Philippe and Kanazawa, Makoto},
  journal={Journal of Logic, Language and Information},
  volume={22},
  number={2},
  pages={173--194},
  year={2013},
  publisher={Springer}
}

@article{hyland2007category,
  title={The category theoretic understanding of universal algebra: Lawvere theories and monads},
  author={Hyland, Martin and Power, John},
  journal={Electronic Notes in Theoretical Computer Science},
  volume={172},
  pages={437--458},
  year={2007},
  publisher={Elsevier},
  url={http://dx.doi.org/10.1016/j.entcs.2007.02.019}
}

@article{pretnar2010logic,
  title={Logic and handling of algebraic effects},
  author={Pretnar, Matija},
  year={2010},
  publisher={The University of Edinburgh},
  url={http://matija.pretnar.info/pdf/the-logic-and-handling-of-algebraic-effects.pdf}
}

@incollection{plotkin2009handlers,
  title={Handlers of algebraic effects},
  author={Plotkin, Gordon and Pretnar, Matija},
  booktitle={Programming Languages and Systems},
  pages={80--94},
  year={2009},
  url = {http://dx.doi.org/10.1007/978-3-642-00590-9_7},
  publisher={Springer}
}

@inproceedings{kiselyov2008call,
  title={Call-by-name linguistic side effects},
  author={Kiselyov, Oleg},
  booktitle={ESSLLI 2008 Workshop on Symmetric calculi and Ludics for the semantic interpretation},
  year={2008},
  url={http://pobox.com/~oleg/ftp/gengo/gengo-side-effects-cbn.pdf}
}

@inproceedings{shan2005linguistic,
    author = {Chung-chieh Shan},
    title = {Linguistic Side Effects},
    booktitle = {In Proceedings of the Eighteenth Annual IEEE Symposium on Logic and Computer Science (LICS 2003) Workshop on Logic and Computational},
    year = {2005},
    pages = {132--163},
    publisher = {University Press}
}

@article{plotkin2013handling,
  title={Handling algebraic effects},
  author={Plotkin, Gordon D and Pretnar, Matija},
  journal={arXiv preprint arXiv:1312.1399},
  year={2013}
}

@incollection{stalnaker1974pragmatic,
	editor = {Robert Stalnaker},
	year = {1974},
	pages = {47--62},
	author = {Robert Stalnaker},
	publisher = {Oxford University Press},
	booktitle = {Context and Content},
	title = {Pragmatic Presuppositions}
}

@article{saiaccessibilite,
  title={Accessibilit{\'e} des r{\'e}f{\'e}rents en s{\'e}mantique du discours},
  author={Sai, QIAN}
}

@book{jones2003haskell,
  title={Haskell 98 language and libraries: the revised report},
  author={Jones, Simon L Peyton},
  year={2003},
  publisher={Cambridge University Press}
}

@inproceedings{wadler1992essence,
  title={The essence of functional programming},
  author={Wadler, Philip},
  booktitle={Proceedings of the 19th ACM SIGPLAN-SIGACT symposium on Principles of programming languages},
  pages={1--14},
  year={1992},
  organization={ACM}
}

@phdthesis{charlow2014semantics,
  title={On the semantics of exceptional scope},
  author={Charlow, Simon},
  year={2014},
  school={New York University}
}

@article{hyland2006combining,
  title={Combining effects: Sum and tensor},
  author={Hyland, Martin and Plotkin, Gordon and Power, John},
  journal={Theoretical Computer Science},
  volume={357},
  number={1},
  pages={70--99},
  year={2006},
  publisher={Elsevier}
}
